@article{LudwigSchelkleVogel2012,
  author =       "Ludwig, A. and Schelkle, T. and Vogel, E.",
  title =        "Demographic change, human capital and welfare",
  journal =      "Review of Economic Dynamics",
  volume =       "15",
  pages =        "94--107",
  year =         "2012",
}

@book{AuerbachKotlikoff1987,
  author = "Auerbach, A. J., and Kotlikoff, L. J.",
  title = "Dynamic Fiscal Policy",
  year = "1987",
  publisher = "Cambridge University Press, Cambridge",

}

@article{AuerbachKotlikoff1994,
  author = "Auerbach, A. J., and Kotlikoff, L. J.",
  year = "1992",
  journal = "The Scandinavian Journal of Economics",
  volume = "94",
  number = "2",
  pages = "281--295",
}

@article{Storesletten2000,
  author = "Storesletten, K.",
  year = "2000",
  journal = "Journal of Political Economy",
  volume = "108",
  number = "2",
  pages = "300--323",
}

@article{BoerschSupanLudwigWinter2006,
  author = "BÃ¶rsch-Supan, A., and Ludwig, A., and Winter, J.",
  year = "2006",
  journal = "Economica",
  volume = "73",
  number = "292",
  pages = "625--658",
}
